@Misc{DropWizard,
	title = {\url{http://dropwizard.github.io/}},
}

@Misc{WizardInABox,
	title = {\url{https://github.com/rvs-fluid-it/wizard-in-a-box}},
}

@Misc{Hibernate,
	title = {\url{http://hibernate.org/}},
}

@Misc{GGuice,
	title = {\url{https://github.com/google/guice}},
}

@Misc{Retrofit,
	title = {\url{https://github.com/square/retrofit}},
}

@Misc{JRR,
	title = {\url{https://github.com/Maddoc42/JaxRs2Retrofit}},
}

@Misc{ORMLite,
	title = {\url{http://ormlite.com/}},
}

@Misc{Timber,
	title = {\url{https://github.com/JakeWharton/timber}},
}

@Misc{RxJava,
	title = {\url{https://github.com/ReactiveX/RxJava}},
}

@Misc{MND,
	title = {\url{https://github.com/neokree/MaterialNavigationDrawer}},
}

@Misc{AFAB,
	title = {\url{https://github.com/futuresimple/android-floating-action-button}},
}

@Misc{PlayServices,
	title = {\url{https://developer.android.com/google/play-services/index.html}},
}

@Misc{MapsUtility,
	title = {\url{http://googlemaps.github.io/android-maps-utils/}},
}

@Misc{MapsJava,
	title = {\url{https://github.com/googlemaps/google-maps-services-java}},
}

@Misc{github,
	title = {\url{https://github.com/AMOS-2015/amos-ss15-proj2}},
}

@Misc{travis,
	title = {\url{https://travis-ci.org/AMOS-2015/amos-ss15-proj2}},
}

@Misc{gradle,
	title = {\url{https://gradle.org/}},
}
